%YAML 1.1
%TAG !u! tag:unity3d.com,2011:
--- !u!1 &2453904025643595646
GameObject:
  m_ObjectHideFlags: 0
  m_CorrespondingSourceObject: {fileID: 0}
  m_PrefabInstance: {fileID: 0}
  m_PrefabAsset: {fileID: 0}
  serializedVersion: 6
  m_Component:
  - component: {fileID: 6175062164736295938}
  - component: {fileID: 4176611991969220349}
  m_Layer: 0
  m_Name: Collider
  m_TagString: Untagged
  m_Icon: {fileID: 0}
  m_NavMeshLayer: 0
  m_StaticEditorFlags: 0
  m_IsActive: 1
--- !u!4 &6175062164736295938
Transform:
  m_ObjectHideFlags: 0
  m_CorrespondingSourceObject: {fileID: 0}
  m_PrefabInstance: {fileID: 0}
  m_PrefabAsset: {fileID: 0}
  m_GameObject: {fileID: 2453904025643595646}
  m_LocalRotation: {x: -0, y: -0, z: -0, w: 1}
  m_LocalPosition: {x: 0, y: 0, z: 0}
  m_LocalScale: {x: 1, y: 1, z: 1}
  m_Children: []
  m_Father: {fileID: 3426981884191016918}
  m_RootOrder: 2
  m_LocalEulerAnglesHint: {x: 0, y: 0, z: 0}
--- !u!60 &4176611991969220349
PolygonCollider2D:
  m_ObjectHideFlags: 0
  m_CorrespondingSourceObject: {fileID: 0}
  m_PrefabInstance: {fileID: 0}
  m_PrefabAsset: {fileID: 0}
  m_GameObject: {fileID: 2453904025643595646}
  m_Enabled: 1
  m_Density: 1
  m_Material: {fileID: 0}
  m_IsTrigger: 0
  m_UsedByEffector: 0
  m_UsedByComposite: 0
  m_Offset: {x: 0, y: 0}
  m_SpriteTilingProperty:
    border: {x: 0, y: 0, z: 0, w: 0}
    pivot: {x: 0, y: 0}
    oldSize: {x: 0, y: 0}
    newSize: {x: 0, y: 0}
    adaptiveTilingThreshold: 0
    drawMode: 0
    adaptiveTiling: 0
  m_AutoTiling: 0
  m_Points:
    m_Paths:
    - - {x: 0.102484606, y: 0.018615505}
      - {x: 0.067747876, y: 0.53023636}
      - {x: -0.0595894, y: 0.53166866}
      - {x: -0.09968257, y: 0.02416677}
      - {x: -0.44086775, y: -0.20442358}
      - {x: -0.10935892, y: -0.43917954}
      - {x: 0.10100629, y: -0.4572278}
      - {x: 0.4153792, y: -0.21353734}
--- !u!1 &3426981884191016913
GameObject:
  m_ObjectHideFlags: 0
  m_CorrespondingSourceObject: {fileID: 0}
  m_PrefabInstance: {fileID: 0}
  m_PrefabAsset: {fileID: 0}
  serializedVersion: 6
  m_Component:
  - component: {fileID: 3426981884191016918}
  - component: {fileID: 3426981884191016919}
  m_Layer: 0
  m_Name: MDL_Galactix Racer
  m_TagString: Untagged
  m_Icon: {fileID: 0}
  m_NavMeshLayer: 0
  m_StaticEditorFlags: 0
  m_IsActive: 1
--- !u!4 &3426981884191016918
Transform:
  m_ObjectHideFlags: 0
  m_CorrespondingSourceObject: {fileID: 0}
  m_PrefabInstance: {fileID: 0}
  m_PrefabAsset: {fileID: 0}
  m_GameObject: {fileID: 3426981884191016913}
  m_LocalRotation: {x: 0, y: 0, z: 0, w: 1}
  m_LocalPosition: {x: 0, y: 0, z: 0}
  m_LocalScale: {x: 1, y: 1, z: 1}
  m_Children:
  - {fileID: 2883900942831385258}
  - {fileID: 3347318895122412481}
  - {fileID: 6175062164736295938}
  - {fileID: 5390115946012370718}
  m_Father: {fileID: 0}
  m_RootOrder: 0
  m_LocalEulerAnglesHint: {x: 0, y: 0, z: 0}
--- !u!114 &3426981884191016919
MonoBehaviour:
  m_ObjectHideFlags: 0
  m_CorrespondingSourceObject: {fileID: 0}
  m_PrefabInstance: {fileID: 0}
  m_PrefabAsset: {fileID: 0}
  m_GameObject: {fileID: 3426981884191016913}
  m_Enabled: 1
  m_EditorHideFlags: 0
  m_Script: {fileID: 11500000, guid: 267fe0366fecb2e4cb6d66c4f9218118, type: 3}
  m_Name: 
  m_EditorClassIdentifier: 
  _spaceShip: {fileID: 0}
  _maxHorizontalRotation: 40
  _maxVerticalRotation: 40
  _maxSpeed: 7
  _emissionRenderer: {fileID: 4057321586034501796}
  _maxEmission: 5
  _turretContainer: {fileID: 3347318895122412481}
  _deathEffects: {fileID: 2619085662752757875}
--- !u!1 &4861282727038722611
GameObject:
  m_ObjectHideFlags: 0
  m_CorrespondingSourceObject: {fileID: 0}
  m_PrefabInstance: {fileID: 0}
  m_PrefabAsset: {fileID: 0}
  serializedVersion: 6
  m_Component:
  - component: {fileID: 3347318895122412481}
  m_Layer: 0
  m_Name: turretContainer
  m_TagString: Untagged
  m_Icon: {fileID: 0}
  m_NavMeshLayer: 0
  m_StaticEditorFlags: 0
  m_IsActive: 1
--- !u!4 &3347318895122412481
Transform:
  m_ObjectHideFlags: 0
  m_CorrespondingSourceObject: {fileID: 0}
  m_PrefabInstance: {fileID: 0}
  m_PrefabAsset: {fileID: 0}
  m_GameObject: {fileID: 4861282727038722611}
  m_LocalRotation: {x: 0, y: 0, z: 0, w: 1}
  m_LocalPosition: {x: 0, y: 0.534, z: 0.013}
  m_LocalScale: {x: 1, y: 1, z: 1}
  m_Children: []
  m_Father: {fileID: 3426981884191016918}
  m_RootOrder: 1
  m_LocalEulerAnglesHint: {x: 0, y: 0, z: 0}
--- !u!1001 &3426981883366274080
PrefabInstance:
  m_ObjectHideFlags: 0
  serializedVersion: 2
  m_Modification:
    m_TransformParent: {fileID: 2883900942831385258}
    m_Modifications:
    - target: {fileID: -8679921383154817045, guid: b59631f5589bc31478ed0efdbea5f39c, type: 3}
      propertyPath: m_RootOrder
      value: 0
      objectReference: {fileID: 0}
    - target: {fileID: -8679921383154817045, guid: b59631f5589bc31478ed0efdbea5f39c, type: 3}
      propertyPath: m_LocalScale.x
      value: 1.05
      objectReference: {fileID: 0}
    - target: {fileID: -8679921383154817045, guid: b59631f5589bc31478ed0efdbea5f39c, type: 3}
      propertyPath: m_LocalScale.y
      value: 1.05
      objectReference: {fileID: 0}
    - target: {fileID: -8679921383154817045, guid: b59631f5589bc31478ed0efdbea5f39c, type: 3}
      propertyPath: m_LocalScale.z
      value: 1.05
      objectReference: {fileID: 0}
    - target: {fileID: -8679921383154817045, guid: b59631f5589bc31478ed0efdbea5f39c, type: 3}
      propertyPath: m_LocalPosition.x
      value: -0
      objectReference: {fileID: 0}
    - target: {fileID: -8679921383154817045, guid: b59631f5589bc31478ed0efdbea5f39c, type: 3}
      propertyPath: m_LocalPosition.y
      value: 0.13
      objectReference: {fileID: 0}
    - target: {fileID: -8679921383154817045, guid: b59631f5589bc31478ed0efdbea5f39c, type: 3}
      propertyPath: m_LocalPosition.z
      value: 0.26
      objectReference: {fileID: 0}
    - target: {fileID: -8679921383154817045, guid: b59631f5589bc31478ed0efdbea5f39c, type: 3}
      propertyPath: m_LocalRotation.w
      value: 1
      objectReference: {fileID: 0}
    - target: {fileID: -8679921383154817045, guid: b59631f5589bc31478ed0efdbea5f39c, type: 3}
      propertyPath: m_LocalRotation.x
      value: 0
      objectReference: {fileID: 0}
    - target: {fileID: -8679921383154817045, guid: b59631f5589bc31478ed0efdbea5f39c, type: 3}
      propertyPath: m_LocalRotation.y
      value: -0
      objectReference: {fileID: 0}
    - target: {fileID: -8679921383154817045, guid: b59631f5589bc31478ed0efdbea5f39c, type: 3}
      propertyPath: m_LocalRotation.z
      value: -0
      objectReference: {fileID: 0}
    - target: {fileID: -8679921383154817045, guid: b59631f5589bc31478ed0efdbea5f39c, type: 3}
      propertyPath: m_LocalEulerAnglesHint.x
      value: 0
      objectReference: {fileID: 0}
    - target: {fileID: -8679921383154817045, guid: b59631f5589bc31478ed0efdbea5f39c, type: 3}
      propertyPath: m_LocalEulerAnglesHint.y
      value: 0
      objectReference: {fileID: 0}
    - target: {fileID: -8679921383154817045, guid: b59631f5589bc31478ed0efdbea5f39c, type: 3}
      propertyPath: m_LocalEulerAnglesHint.z
      value: 0
      objectReference: {fileID: 0}
    - target: {fileID: -7511558181221131132, guid: b59631f5589bc31478ed0efdbea5f39c, type: 3}
      propertyPath: m_Materials.Array.data[0]
      value: 
      objectReference: {fileID: 2100000, guid: 25764541c33e2044a83d65ec0a99d3bd, type: 2}
    - target: {fileID: 919132149155446097, guid: b59631f5589bc31478ed0efdbea5f39c, type: 3}
      propertyPath: m_Name
      value: GalatixRacerPropulsor
      objectReference: {fileID: 0}
    m_RemovedComponents: []
  m_SourcePrefab: {fileID: 100100000, guid: b59631f5589bc31478ed0efdbea5f39c, type: 3}
--- !u!23 &4057321586034501796 stripped
MeshRenderer:
  m_CorrespondingSourceObject: {fileID: -7511558181221131132, guid: b59631f5589bc31478ed0efdbea5f39c, type: 3}
  m_PrefabInstance: {fileID: 3426981883366274080}
  m_PrefabAsset: {fileID: 0}
--- !u!1001 &3426981883577998657
PrefabInstance:
  m_ObjectHideFlags: 0
  serializedVersion: 2
  m_Modification:
    m_TransformParent: {fileID: 3426981884191016918}
    m_Modifications:
    - target: {fileID: -8679921383154817045, guid: 7b804cb63f6a68140905c02394c7d0f7, type: 3}
      propertyPath: m_RootOrder
      value: 0
      objectReference: {fileID: 0}
    - target: {fileID: -8679921383154817045, guid: 7b804cb63f6a68140905c02394c7d0f7, type: 3}
      propertyPath: m_LocalScale.x
      value: 0.15940802
      objectReference: {fileID: 0}
    - target: {fileID: -8679921383154817045, guid: 7b804cb63f6a68140905c02394c7d0f7, type: 3}
      propertyPath: m_LocalScale.y
      value: 0.15940799
      objectReference: {fileID: 0}
    - target: {fileID: -8679921383154817045, guid: 7b804cb63f6a68140905c02394c7d0f7, type: 3}
      propertyPath: m_LocalScale.z
      value: 0.15940803
      objectReference: {fileID: 0}
    - target: {fileID: -8679921383154817045, guid: 7b804cb63f6a68140905c02394c7d0f7, type: 3}
      propertyPath: m_LocalPosition.x
      value: 0
      objectReference: {fileID: 0}
    - target: {fileID: -8679921383154817045, guid: 7b804cb63f6a68140905c02394c7d0f7, type: 3}
      propertyPath: m_LocalPosition.y
      value: 0
      objectReference: {fileID: 0}
    - target: {fileID: -8679921383154817045, guid: 7b804cb63f6a68140905c02394c7d0f7, type: 3}
      propertyPath: m_LocalPosition.z
      value: 0
      objectReference: {fileID: 0}
    - target: {fileID: -8679921383154817045, guid: 7b804cb63f6a68140905c02394c7d0f7, type: 3}
      propertyPath: m_LocalRotation.w
      value: 0
      objectReference: {fileID: 0}
    - target: {fileID: -8679921383154817045, guid: 7b804cb63f6a68140905c02394c7d0f7, type: 3}
      propertyPath: m_LocalRotation.x
      value: 0
      objectReference: {fileID: 0}
    - target: {fileID: -8679921383154817045, guid: 7b804cb63f6a68140905c02394c7d0f7, type: 3}
      propertyPath: m_LocalRotation.y
      value: -0.7071068
      objectReference: {fileID: 0}
    - target: {fileID: -8679921383154817045, guid: 7b804cb63f6a68140905c02394c7d0f7, type: 3}
      propertyPath: m_LocalRotation.z
      value: 0.7071068
      objectReference: {fileID: 0}
    - target: {fileID: -8679921383154817045, guid: 7b804cb63f6a68140905c02394c7d0f7, type: 3}
      propertyPath: m_LocalEulerAnglesHint.x
      value: 90
      objectReference: {fileID: 0}
    - target: {fileID: -8679921383154817045, guid: 7b804cb63f6a68140905c02394c7d0f7, type: 3}
      propertyPath: m_LocalEulerAnglesHint.y
      value: 0
      objectReference: {fileID: 0}
    - target: {fileID: -8679921383154817045, guid: 7b804cb63f6a68140905c02394c7d0f7, type: 3}
      propertyPath: m_LocalEulerAnglesHint.z
      value: 180
      objectReference: {fileID: 0}
    - target: {fileID: -7511558181221131132, guid: 7b804cb63f6a68140905c02394c7d0f7, type: 3}
      propertyPath: m_Materials.Array.data[0]
      value: 
      objectReference: {fileID: 2100000, guid: 4dd75b710f180bd4695aad897b034117, type: 2}
    - target: {fileID: 919132149155446097, guid: 7b804cb63f6a68140905c02394c7d0f7, type: 3}
      propertyPath: m_Name
      value: GalactixRacerBody
      objectReference: {fileID: 0}
    - target: {fileID: 919132149155446097, guid: 7b804cb63f6a68140905c02394c7d0f7, type: 3}
      propertyPath: m_IsActive
      value: 1
      objectReference: {fileID: 0}
    m_RemovedComponents: []
  m_SourcePrefab: {fileID: 100100000, guid: 7b804cb63f6a68140905c02394c7d0f7, type: 3}
--- !u!4 &2883900942831385258 stripped
Transform:
  m_CorrespondingSourceObject: {fileID: -8679921383154817045, guid: 7b804cb63f6a68140905c02394c7d0f7, type: 3}
  m_PrefabInstance: {fileID: 3426981883577998657}
  m_PrefabAsset: {fileID: 0}
--- !u!1001 &6660343284746327221
PrefabInstance:
  m_ObjectHideFlags: 0
  serializedVersion: 2
  m_Modification:
    m_TransformParent: {fileID: 3426981884191016918}
    m_Modifications:
    - target: {fileID: 1631361933012300715, guid: 204acb25ee88e714dbc3680a34ad8ab1, type: 3}
      propertyPath: m_RootOrder
      value: 3
      objectReference: {fileID: 0}
    - target: {fileID: 1631361933012300715, guid: 204acb25ee88e714dbc3680a34ad8ab1, type: 3}
      propertyPath: m_LocalRotation.x
      value: -0
      objectReference: {fileID: 0}
    - target: {fileID: 1631361933012300715, guid: 204acb25ee88e714dbc3680a34ad8ab1, type: 3}
      propertyPath: m_LocalRotation.y
      value: -0
      objectReference: {fileID: 0}
    - target: {fileID: 1631361933012300715, guid: 204acb25ee88e714dbc3680a34ad8ab1, type: 3}
      propertyPath: m_LocalRotation.z
      value: -0
      objectReference: {fileID: 0}
    m_RemovedComponents: []
  m_SourcePrefab: {fileID: 100100000, guid: 204acb25ee88e714dbc3680a34ad8ab1, type: 3}
--- !u!4 &5390115946012370718 stripped
Transform:
  m_CorrespondingSourceObject: {fileID: 1631361933012300715, guid: 204acb25ee88e714dbc3680a34ad8ab1, type: 3}
  m_PrefabInstance: {fileID: 6660343284746327221}
  m_PrefabAsset: {fileID: 0}
--- !u!114 &2619085662752757875 stripped
MonoBehaviour:
  m_CorrespondingSourceObject: {fileID: 8662276295268551878, guid: 204acb25ee88e714dbc3680a34ad8ab1, type: 3}
  m_PrefabInstance: {fileID: 6660343284746327221}
  m_PrefabAsset: {fileID: 0}
  m_GameObject: {fileID: 0}
  m_Enabled: 1
  m_EditorHideFlags: 0
  m_Script: {fileID: 11500000, guid: d2279f8b4e58be944bf9227f9a3c590d, type: 3}
  m_Name: 
  m_EditorClassIdentifier: 
